@ARTICLE{ThePowerOfTwoChoicesInRandomizedLoadBalancing,
author={M. Mitzenmacher},
journal={IEEE Transactions on Parallel and Distributed Systems},
title={The power of two choices in randomized load balancing},
year={2001},
volume={12},
number={10},
pages={1094-1104},
keywords={distributed algorithms;exponential distribution;queueing theory;resource allocation;stochastic processes;Poisson stream;deterministic model;distributed systems;exponential distribution;finite systems;first-in first-out protocol;limiting systems;queuing theory;randomized load balancing;service time;simulations;supermarket model;Computer applications;Differential equations;H infinity control;Load management;Load modeling;Predictive models;Protocols;Queueing analysis;Resource management;System analysis and design},
doi={10.1109/71.963420},
ISSN={1045-9219},
month={Oct},
}

@article{CuckooHashing,
title = "Cuckoo hashing",
journal = "Journal of Algorithms",
volume = "51",
number = "2",
pages = "122 - 144",
year = "2004",
note = "",
issn = "0196-6774",
doi = "http://dx.doi.org/10.1016/j.jalgor.2003.12.002",
url = "http://www.sciencedirect.com/science/article/pii/S0196677403001925",
author = "Rasmus Pagh and Flemming Friche Rodler",
keywords = "Data structures",
keywords = "Dictionaries",
keywords = "Information retrieval",
keywords = "Searching",
keywords = "Hashing",
keywords = "Experiments"
}

@inproceedings{UsingAQueueToDeAmortizeCuckooHashingInHardware,
  title={Using a queue to de-amortize cuckoo hashing in hardware},
  author={Kirsch, Adam and Mitzenmacher, Michael},
  booktitle={Proceedings of the Forty-Fifth Annual Allerton Conference on Communication, Control, and Computing},
  volume={75},
  year={2007}
}

@Inbook{DeAmortizedCuckooHashingProvableWorstCasePerformanceAndExperimentalResults,
author="Arbitman, Yuriy
and Naor, Moni
and Segev, Gil",
editor="Albers, Susanne
and Marchetti-Spaccamela, Alberto
and Matias, Yossi
and Nikoletseas, Sotiris
and Thomas, Wolfgang",
title="De-amortized Cuckoo Hashing: Provable Worst-Case Performance and Experimental Results",
bookTitle="Automata, Languages and Programming: 36th International Colloquium, ICALP 2009, Rhodes, Greece, July 5-12, 2009, Proceedings, Part I",
year="2009",
publisher="Springer Berlin Heidelberg",
address="Berlin, Heidelberg",
pages="107--118",
isbn="978-3-642-02927-1",
doi="10.1007/978-3-642-02927-1_11",
url="http://dx.doi.org/10.1007/978-3-642-02927-1_11"
}

@inproceedings{AlgorithmicImprovementsForFastConcurrentCuckooHashing,
 author = {Li, Xiaozhou and Andersen, David G. and Kaminsky, Michael and Freedman, Michael J.},
 title = {Algorithmic Improvements for Fast Concurrent Cuckoo Hashing},
 booktitle = {Proceedings of the Ninth European Conference on Computer Systems},
 series = {EuroSys '14},
 year = {2014},
 isbn = {978-1-4503-2704-6},
 location = {Amsterdam, The Netherlands},
 pages = {27:1--27:14},
 articleno = {27},
 numpages = {14},
 url = {http://doi.acm.org/10.1145/2592798.2592820},
 doi = {10.1145/2592798.2592820},
 acmid = {2592820},
 publisher = {ACM},
 address = {New York, NY, USA},
}

@INPROCEEDINGS{LockFreeCuckooHashing,
author={N. Nguyen and P. Tsigas},
booktitle={2014 IEEE 34th International Conference on Distributed Computing Systems},
title={Lock-Free Cuckoo Hashing},
year={2014},
pages={627-636},
keywords={data structures;file organisation;query processing;access pattern scenarios;compare-and-swap primitives;data structure operations;fine tuned synchronization;hopscotch hashmap;key displacements;lock-based hashing algorithms;lock-free cuckoo hashing algorithm;logical clock technique;mutating operations;two-round query protocol;Algorithm design and analysis;Clocks;Concurrent computing;Indexes;Radiation detectors;Semantics;Synchronization;CAS;concurrent data structures;cuckoo hashing;hash table;lock-free},
doi={10.1109/ICDCS.2014.70},
ISSN={1063-6927},
month={June},
}

@INPROCEEDINGS{RobinHoodHashing,
author={P. Celis and P. A. Larson and J. I. Munro},
booktitle={26th Annual Symposium on Foundations of Computer Science (sfcs 1985)},
title={Robin hood hashing},
year={1985},
pages={281-288},
keywords={Computer science;Costs;Degradation;Mathematical analysis;Organizing;Probes;Proposals},
doi={10.1109/SFCS.1985.48},
ISSN={0272-5428},
month={Oct},
}

@INPROCEEDINGS{HopscotchHashing,
author={P. Celis and P. A. Larson and J. I. Munro},
booktitle={26th Annual Symposium on Foundations of Computer Science (sfcs 1985)},
title={Robin hood hashing},
year={1985},
pages={281-288},
keywords={Computer science;Costs;Degradation;Mathematical analysis;Organizing;Probes;Proposals},
doi={10.1109/SFCS.1985.48},
ISSN={0272-5428},
month={Oct},
}

@article{DynamicPerfectHashingUpperAndLowerBounds,
author = {Martin Dietzfelbinger and Anna Karlin and Kurt Mehlhorn and Friedhelm Meyer auf der Heide and Hans Rohnert and Robert E. Tarjan},
title = {Dynamic Perfect Hashing: Upper and Lower Bounds},
journal = {SIAM Journal on Computing},
volume = {23},
number = {4},
pages = {738-761},
year = {1994},
doi = {10.1137/S0097539791194094},
URL = {http://dx.doi.org/10.1137/S0097539791194094},
eprint = {http://dx.doi.org/10.1137/S0097539791194094},
}
